@misc{fuzhenxin_2019,
    title={fuzhenxin/Style-Transfer-in-Text},
    url={https://github.com/fuzhenxin/Style-Transfer-in-Text},
    journal={GitHub},
    author={Fuzhenxin},
    year={2019},
    month={10}
}

@online{AgileAlliance2015,
	author = {{Agile Alliance}},
	title = {{What is Agile Software Development?}},
	year = {2015},
	month = {06},
	url = {https://www.agilealliance.org/agile101/},
	urldate = {2018-11-05}
}

@misc{wikipedia_2019_nlp,
    title={Natural language processing},
    url={https://en.wikipedia.org/wiki/Natural_language_processing},
    journal={Wikipedia},
    publisher={Wikimedia Foundation},
    year={2019},
    month={10}
}

@misc{wikipedia_2019_nlg,
    title={Natural-language generation},
    url={https://en.wikipedia.org/wiki/Natural-language_generation},
    journal={Wikipedia},
    publisher={Wikimedia Foundation},
    year={2019},
    month={09}
}

@misc{understanding_lstm_networks,
    title={Understanding LSTM Networks},
    url={http://colah.github.io/posts/2015-08-Understanding-LSTMs/},
    journal={GitHub},
    publisher={Christopher Olah},
    year={2015},
    month={08}
}

@misc{modelle_bewerten_bleu,
	title = {Modelle bewerten AutoML},
	url = {https://cloud.google.com/translate/automl/docs/evaluate?hl=de},
    journal = {Google Cloud},
    publisher = {Google},
    year = {2019},
    month = {11},
	language = {de}
}

@misc{was_ist_bleu,
	title = {Was ist BLEU und wo liegt das Problem?},
	shorttitle = {MT for Beginners},
	url = {https://www.lengoo.de/blog/mt-for-beginners-was-sind-bleu-scores/},
	abstract = {Wir erklären was sich hinter "BLEU Scores" versteckt - und wieso die Frage nach der Korrektheit von Übersetzungen geradezu philosophische Ausmaße annimmt.},
	language = {de},
	urldate = {2019-11-11},
	journal = {lengoo blog},
	month = jan,
	year = {2019}
}

@misc{was_ist_ter,
	title = {Was ist TER?},
	shorttitle = {MT for Beginners},
	url = {https://www.lengoo.de/blog/mt-for-beginners-was-ist-ter/},
	abstract = {Wie funktioniert TER und wo liegen die Limits dieser Metrik? Wir interviewen MT Expertin Svetlana Tchistiakova zum Thema.},
	language = {de},
	urldate = {2019-11-11},
	journal = {lengoo blog},
	month = jan,
	year = {2019}
}

@misc{cookielee77_dast,
     title={cookielee77/DAST},
     url={https://github.com/cookielee77/DAST},
     journal={GitHub},
     author={Dianqi Li and Yizhe Zhang and Zhe Gan and Yu Cheng and Chris Brockett and Ming-Ting Sun and William B.
     Dolan}
}

@misc{fuzhenxin_style_transfer_in_text,
     title={fuzhenxin/Style-Transfer-in-Text},
     url={https://github.com/fuzhenxin/Style-Transfer-in-Text},
     journal={GitHub},
     author={Zhenxin Fu}
}

@misc{tensorflow,
    title={TensorFlow},
    url={https://www.tensorflow.org/},
    journal={TensorFlow},
    author="{Google Brain Team}"
}

@misc{python,
    title={Welcome to Python.org},
    url={https://www.python.org/},
    journal={Python.org},
    author="{Python Software Foundation}"
}

@misc{wikipedia_2019_geforce,
    title={GeForce},
    url={https://en.wikipedia.org/wiki/GeForce},
    journal={Wikipedia},
    publisher={Wikimedia Foundation},
    year={2019},
    month={Nov}}

@misc{docker,
	title = {Enterprise Container Platform},
	url = {https://www.docker.com/},
	abstract = {Build, Share, and Run Any App, Anywhere. Learn about the only enterprise-ready container platform to cost-effectively build and manage your application portfolio.},
	language = {en},
	urldate = {2019-12-19},
	journal = {Docker}
}

@misc{docker_hub,
	title = {Docker {Hub}},
	url = {https://hub.docker.com/},
	urldate = {2019-12-19}
}

@misc{unit_test,
	title = {Unit Test Wikipedia},
	url = {https://de.wikipedia.org/wiki/Modultest},
	urldate = {2019-12-19}
}

@misc{fuzzy_logic,
	title = {Fuzzy Logic Wikipedia},
	url = {https://de.wikipedia.org/wiki/Fuzzylogik},
	urldate = {2019-12-19}
}

@misc{andrew_adventure_markov_chain,
    title={Andrew's Adventures in Technology },
    url={http://awalsh128.blogspot.com/2013/01/text-generation-using-markov-chains.html},
    journal={Blogspot},
    publisher={Andrews Adventures in Technology},
    year={2019},
    month={Dec}}
