@article{DBLP:journals/corr/abs-1808-04365,
  author    = {Alexey Tikhonov and
               Ivan P. Yamshchikov},
  title     = {What is wrong with style transfer for texts?},
  journal   = {CoRR},
  volume    = {abs/1808.04365},
  year      = {2018},
  url       = {http://arxiv.org/abs/1808.04365},
  archivePrefix = {arXiv},
  eprint    = {1808.04365},
  timestamp = {Sun, 02 Sep 2018 15:01:55 +0200},
  biburl    = {https://dblp.org/rec/bib/journals/corr/abs-1808-04365},
  bibsource = {dblp computer science bibliography, https://dblp.org}
}

@article{Li2019DomainAT,
  title={Domain Adaptive Text Style Transfer},
  author={Dianqi Li and Yizhe Zhang and Zhe Gan and Yu Cheng and Chris Brockett and Ming-Ting Sun and William B. Dolan},
  journal={ArXiv},
  year={2019},
  volume={abs/1908.09395}
}

@misc{gatys2015neural,
    title={A Neural Algorithm of Artistic Style},
    author={Leon A. Gatys and Alexander S. Ecker and Matthias Bethge},
    year={2015},
    eprint={1508.06576},
    archivePrefix={arXiv},
    primaryClass={cs.CV}
}

@article{DBLP:journals/corr/abs-1905-12926,
  author    = {Ke Wang and
               Hang Hua and
               Xiaojun Wan},
  title     = {Controllable Unsupervised Text Attribute Transfer via Editing Entangled
               Latent Representation},
  journal   = {CoRR},
  volume    = {abs/1905.12926},
  year      = {2019},
  url       = {http://arxiv.org/abs/1905.12926},
  archivePrefix = {arXiv},
  eprint    = {1905.12926},
  timestamp = {Mon, 03 Jun 2019 13:42:33 +0200},
  biburl    = {https://dblp.org/rec/bib/journals/corr/abs-1905-12926},
  bibsource = {dblp computer science bibliography, https://dblp.org}
}

@article{DBLP:journals/corr/abs-1711-04731,
  author    = {Keith Carlson and
               Allen Riddell and
               Daniel N. Rockmore},
  title     = {Zero-Shot Style Transfer in Text Using Recurrent Neural Networks},
  journal   = {CoRR},
  volume    = {abs/1711.04731},
  year      = {2017},
  url       = {http://arxiv.org/abs/1711.04731},
  archivePrefix = {arXiv},
  eprint    = {1711.04731},
  timestamp = {Mon, 13 Aug 2018 16:46:29 +0200},
  biburl    = {https://dblp.org/rec/bib/journals/corr/abs-1711-04731},
  bibsource = {dblp computer science bibliography, https://dblp.org}
}

@misc{hu2017controlled,
    title={Toward Controlled Generation of Text},
    author={Zhiting Hu and Zichao Yang and Xiaodan Liang and Ruslan Salakhutdinov and Eric P. Xing},
    year={2017},
    eprint={1703.00955},
    archivePrefix={arXiv},
    primaryClass={cs.LG}
}

@misc{shen2017style,
    title={Style Transfer from Non-Parallel Text by Cross-Alignment},
    author={Tianxiao Shen and Tao Lei and Regina Barzilay and Tommi Jaakkola},
    year={2017},
    eprint={1705.09655},
    archivePrefix={arXiv},
    primaryClass={cs.CL}
}